@misc{nrel_routee,
  title = {Route Energy Prediction Model (REPM)},
  author = {National Renewable Energy Laboratory (NREL)},
  howpublished = {\url{https://www.nrel.gov/transportation/route-energy-prediction-model.html}},
  note = {Accessed: 02-21-2025}
}